

@article{Dow,
  author = "The Dow Chemical Company",
  title = "Dow Water and Process solutions - Levels of Separation of IX, RO, NF, UF",
  year = 2018,
 volume= {2},
 pages= {1}
}

%@BOOK{Golumbic2004,
%AUTHOR = {M. C. Golumbic},
%TITLE = {Algorithmic Graph Theory and Perfect Graphs},
%PUBLISHER = {Elsevier Science},
%YEAR = {2004},
%edition = {2nd Edition},
%}

%@ARTICLE{Vickrey1961,
%AUTHOR = {W. Vickrey},
%TITLE = {Counterspeculation, auctions and sealed tenders},
%JOURNAL = {Journal of Finance},
%YEAR = {1961},
%volume = {16},
%pages = {8--37},
%}